@misc{esp32-s2_datasheet,
    author = {{ESP32-S2 Family Datasheet}},
    howpublished  = "\url{https://www.espressif.com/sites/default/files/documentation/esp32-s2_datasheet_en.pdf}",
    note = "(accessed: 08.12.2021)"
}

@misc{neutrik-ethercon,
    author = {{Neutrik etherCON NE8MX6 Product Page}},
    howpublished  = "\url{https://www.neutrik.com/en/product/ne8mx6}",
    note = "(accessed: 14.12.2021)"
}

@book{bringhurst1996ets,
  title={{The Elements of Typographic Style}},
  author={Bringhurst, Robert},
  year={1996},
  publisher={Hartley \& Marks}
}